@article{levin2000stochastic,
  title={A stochastic model of human-machine interaction for learning dialog strategies},
  author={Levin, Esther and Pieraccini, Roberto and Eckert, Wieland},
  journal={Speech and Audio Processing, IEEE Transactions on},
  volume={8},
  number={1},
  pages={11--23},
  year={2000},
  publisher={IEEE}
}

@article{gorin1997may,
  title={How may I help you?},
  author={Gorin, Allen L and Riccardi, Giuseppe and Wright, Jerry H},
  journal={Speech Communication},
  volume={23},
  number={1-2},
  pages={113--127},
  year={1997},
  publisher={Elsevier}
}
